%-------------------------------------------------------------------------------
 %	REPLACE WITH YOUR PUBLICATIONS
 %-------------------------------------------------------------------------------
 @Article{Khan2014Incentive,
   author =  {Khan, Amin M and B{\"{u}}y{\"{u}}ksahin, {\"{U}}mit C. and Freitag, Felix},
   title =   {{Incentive-based resource assignment and regulation for collaborative cloud services in community networks}},
   journal = {Journal of Computer and System Sciences},
   year =    {2015},
   volume =  {81},
   number =  {8},
   pages =   {1479--1495},
   month =   dec,
   doi =     {10.1016/j.jcss.2014.12.023},
   issn =    {00220000},
   url =     {http://www.sciencedirect.com/science/article/pii/S0022000014001871 http://linkinghub.elsevier.com/retrieve/pii/S0022000014001871}
 }

 @Article{Selimi2015Cloud,
   author =  {Selimi, Mennan and Khan, Amin M and Dimogerontakis, Emmanouil and Freitag, Felix and Centelles, Roger Pueyo},
   title =   {{Cloud services in the Guifi.net community network}},
   journal = {Computer Networks},
   year =    {2015},
   volume =  {93},
   number =  {P2},
   pages =   {373--388},
   month =   dec,
   doi =     {10.1016/j.comnet.2015.09.007},
   issn =    {13891286},
   url =     {http://linkinghub.elsevier.com/retrieve/pii/S1389128615003175}
 }

@Article{hu2022explaining,
      title={Explaining Preferences with Shapley Values}, 
      author={Robert Hu and Siu Lun Chau and Jaime Ferrando Huertas and Dino Sejdinovic},
      journal="NeurIPS",
      year={2022},
      eprint={2205.13662},
      archivePrefix={arXiv},
      primaryClass={stat.ML}
}